@article{Becher:2013xia,
    author = "Becher, Thomas and Neubert, Matthias and Rothen, Lorena",
    title = "{Factorization and $N^{3}LL_{p}$+NNLO predictions for the Higgs cross section with a jet veto}",
    eprint = "1307.0025",
    archivePrefix = "arXiv",
    primaryClass = "hep-ph",
    reportNumber = "MITP-13-37, PHY11-25915",
    doi = "10.1007/JHEP10(2013)125",
    journal = "JHEP",
    volume = "10",
    pages = "125",
    year = "2013"
}

@article{Baur:1989cm,
    author = "Baur, U. and Glover, E. W. Nigel",
    title = "{Higgs Boson Production at Large Transverse Momentum in Hadronic Collisions}",
    reportNumber = "MAD-PH-547, FERMILAB-PUB-89-243-T",
    doi = "10.1016/0550-3213(90)90532-I",
    journal = "Nucl. Phys. B",
    volume = "339",
    pages = "38--66",
    year = "1990"
}

@article{Ellis:1987xu,
    author = "Ellis, R. Keith and Hinchliffe, I. and Soldate, M. and van der Bij, J. J.",
    title = "{Higgs Decay to tau+ tau-: A Possible Signature of Intermediate Mass Higgs Bosons at the SSC}",
    reportNumber = "FERMILAB-PUB-87-100-T, LBL-23504",
    doi = "10.1016/0550-3213(88)90019-3",
    journal = "Nucl. Phys. B",
    volume = "297",
    pages = "221--243",
    year = "1988"
}

@article{Bonciani:2022jmb,
    author = "Bonciani, R. and Del Duca, V. and Frellesvig, H. and Hidding, M. and Hirschi, V. and Moriello, F. and Salvatori, G. and Somogyi, G. and Tramontano, F.",
    title = "{Next-to-leading-order QCD Corrections to Higgs Production in association with a Jet}",
    eprint = "2206.10490",
    archivePrefix = "arXiv",
    primaryClass = "hep-ph",
    month = "6",
    year = "2022"
}

@article{Ellis:2018hst,
    author = "Ellis, R. Keith and Seth, Satyajit",
    title = "{On Higgs boson plus gluon amplitudes at one loop}",
    eprint = "1808.09292",
    archivePrefix = "arXiv",
    primaryClass = "hep-ph",
    reportNumber = "IPPP/18/73",
    doi = "10.1007/JHEP11(2018)006",
    journal = "JHEP",
    volume = "11",
    pages = "006",
    year = "2018"
}

@article{Campbell:2013hz,
    author = "Campbell, John M. and Ellis, R. Keith and Giele, Walter T. and Williams, Ciaran",
    title = "{Finding the Higgs boson in decays to $Z \gamma$ using the matrix element method at Next-to-Leading Order}",
    eprint = "1301.7086",
    archivePrefix = "arXiv",
    primaryClass = "hep-ph",
    reportNumber = "FERMILAB-PUB-13-024-T",
    doi = "10.1103/PhysRevD.87.073005",
    journal = "Phys. Rev. D",
    volume = "87",
    number = "7",
    pages = "073005",
    year = "2013"
}

@article{Campbell:2013una,
    author = "Campbell, John M. and Ellis, R. Keith and Williams, Ciaran",
    title = "{Bounding the Higgs Width at the LHC Using Full Analytic Results for $gg -> e^- e^+ \mu^- \mu^+$}",
    eprint = "1311.3589",
    archivePrefix = "arXiv",
    primaryClass = "hep-ph",
    reportNumber = "FERMILAB-PUB-13-508-T",
    doi = "10.1007/JHEP04(2014)060",
    journal = "JHEP",
    volume = "04",
    pages = "060",
    year = "2014"
}

@article{Campbell:2005bb,
    author = "Campbell, John M. and Tramontano, Francesco",
    title = "{Next-to-leading order corrections to Wt production and decay}",
    eprint = "hep-ph/0506289",
    archivePrefix = "arXiv",
    reportNumber = "CERN-PH-TH-2005-110, DSF-18-2005",
    doi = "10.1016/j.nuclphysb.2005.08.015",
    journal = "Nucl. Phys. B",
    volume = "726",
    pages = "109--130",
    year = "2005"
}

@article{Campbell:2015vwa,
    author = "Campbell, John M. and Ellis, R. Keith",
    title = "{Higgs Constraints from Vector Boson Fusion and Scattering}",
    eprint = "1502.02990",
    archivePrefix = "arXiv",
    primaryClass = "hep-ph",
    reportNumber = "FERMILAB-PUB-15-030-T",
    doi = "10.1007/JHEP04(2015)030",
    journal = "JHEP",
    volume = "04",
    pages = "030",
    year = "2015"
}

@article{Ellis:1998fv,
    author = "Ellis, R. Keith and Veseli, Sinisa",
    title = "{Strong radiative corrections to W b anti-b production in p anti-p collisions}",
    eprint = "hep-ph/9810489",
    archivePrefix = "arXiv",
    reportNumber = "FERMILAB-PUB-98-341-T",
    doi = "10.1103/PhysRevD.60.011501",
    journal = "Phys. Rev. D",
    volume = "60",
    pages = "011501",
    year = "1999"
}

@article{Campbell:2016uvh,
    author = "Campbell, John and Miller, David and Robens, Tania",
    title = "{WW + jet at 14 and 100 TeV}",
    eprint = "1611.01700",
    archivePrefix = "arXiv",
    primaryClass = "hep-ph",
    reportNumber = "FERMILAB-CONF-16-514-T",
    doi = "10.22323/1.282.0686",
    journal = "PoS",
    volume = "ICHEP2016",
    pages = "686",
    year = "2016"
}

@article{Dennen:2014vta,
    author = "Dennen, Tristan and Williams, Ciaran",
    title = "{$\gamma\gamma\gamma\gamma$ production at the LHC: An application of 2 $\to$ 4 analytic unitarity}",
    eprint = "1411.3237",
    archivePrefix = "arXiv",
    primaryClass = "hep-ph",
    doi = "10.1103/PhysRevD.91.054012",
    journal = "Phys. Rev. D",
    volume = "91",
    number = "5",
    pages = "054012",
    year = "2015"
}

@article{CMS:2019raw,
    author = "Sirunyan, Albert M and others",
    collaboration = "CMS",
    title = "{Measurements of differential Z boson production cross sections in proton-proton collisions at $ \sqrt{s} $ = 13 TeV}",
    eprint = "1909.04133",
    archivePrefix = "arXiv",
    primaryClass = "hep-ex",
    reportNumber = "CMS-SMP-17-010, CERN-EP-2019-175",
    doi = "10.1007/JHEP12(2019)061",
    journal = "JHEP",
    volume = "12",
    pages = "061",
    year = "2019"
}

@article{Apyan:2019ybx,
    author = "Apyan, Aram and Cuozzo, William and Klute, Markus and Saito, Yoshihiro and Schott, Matthias and Sintayehu, Bereket",
    title = "{Opportunities and challenges of Standard Model production cross section measurements in proton-proton collisions at $\sqrt {s}$ =8 TeV using CMS Open Data}",
    eprint = "1907.08197",
    archivePrefix = "arXiv",
    primaryClass = "hep-ex",
    reportNumber = "FERMILAB-PUB-19-383-CMS",
    doi = "10.1088/1748-0221/15/01/P01009",
    journal = "JINST",
    volume = "15",
    number = "01",
    pages = "P01009",
    year = "2020"
}

@article{Neumann:2021zkb,
    author = "Neumann, Tobias",
    title = "{The diphoton $q_T$ spectrum at N$^3$LL$^\prime $~+~NNLO}",
    eprint = "2107.12478",
    archivePrefix = "arXiv",
    primaryClass = "hep-ph",
    doi = "10.1140/epjc/s10052-021-09687-4",
    journal = "Eur. Phys. J. C",
    volume = "81",
    number = "10",
    pages = "905",
    year = "2021"
}

@article{Ebert:2020yqt,
    author = "Ebert, Markus A. and Mistlberger, Bernhard and Vita, Gherardo",
    title = "{Transverse momentum dependent PDFs at N$^3$LO}",
    eprint = "2006.05329",
    archivePrefix = "arXiv",
    primaryClass = "hep-ph",
    reportNumber = "MIT-CTP/5209, SLAC-PUB-17535",
    doi = "10.1007/JHEP09(2020)146",
    journal = "JHEP",
    volume = "09",
    pages = "146",
    year = "2020"
}

@article{Luo:2019szz,
    author = "Luo, Ming-xing and Yang, Tong-Zhi and Zhu, Hua Xing and Zhu, Yu Jiao",
    title = "{Quark Transverse Parton Distribution at the Next-to-Next-to-Next-to-Leading Order}",
    eprint = "1912.05778",
    archivePrefix = "arXiv",
    primaryClass = "hep-ph",
    doi = "10.1103/PhysRevLett.124.092001",
    journal = "Phys. Rev. Lett.",
    volume = "124",
    number = "9",
    pages = "092001",
    year = "2020"
}

@article{Luo:2020epw,
    author = "Luo, Ming-xing and Yang, Tong-Zhi and Zhu, Hua Xing and Zhu, Yu Jiao",
    title = "{Unpolarized quark and gluon TMD PDFs and FFs at N$^{3}$LO}",
    eprint = "2012.03256",
    archivePrefix = "arXiv",
    primaryClass = "hep-ph",
    doi = "10.1007/JHEP06(2021)115",
    journal = "JHEP",
    volume = "06",
    pages = "115",
    year = "2021"
}

@article{Caola:2020dfu,
    author = "Caola, Fabrizio and Von Manteuffel, Andreas and Tancredi, Lorenzo",
    title = "{Diphoton Amplitudes in Three-Loop Quantum Chromodynamics}",
    eprint = "2011.13946",
    archivePrefix = "arXiv",
    primaryClass = "hep-ph",
    reportNumber = "MSUHEP-20-018, OUTP-20-12P",
    doi = "10.1103/PhysRevLett.126.112004",
    journal = "Phys. Rev. Lett.",
    volume = "126",
    number = "11",
    pages = "112004",
    year = "2021"
}

@article{CMS:2016mwa,
    author = "Khachatryan, Vardan and others",
    collaboration = "CMS",
    title = "{Measurement of the transverse momentum spectra of weak vector bosons produced in proton-proton collisions at $ \sqrt{s}=8 $ TeV}",
    eprint = "1606.05864",
    archivePrefix = "arXiv",
    primaryClass = "hep-ex",
    reportNumber = "CMS-SMP-14-012, CERN-EP-2016-152",
    doi = "10.1007/JHEP02(2017)096",
    journal = "JHEP",
    volume = "02",
    pages = "096",
    year = "2017"
}

@article{vanHameren:2010cp,
    author = "van Hameren, A.",
    title = "{OneLOop: For the evaluation of one-loop scalar functions}",
    eprint = "1007.4716",
    archivePrefix = "arXiv",
    primaryClass = "hep-ph",
    reportNumber = "IFJPAN-IV-2010-7",
    doi = "10.1016/j.cpc.2011.06.011",
    journal = "Comput. Phys. Commun.",
    volume = "182",
    pages = "2427--2438",
    year = "2011"
}

@article{Blokland:2005vq,
    author = "Blokland, Ian Richard and Czarnecki, Andrzej and Slusarczyk, Maciej and Tkachov, Fyodor",
    title = "{Next-to-next-to-leading order calculations for heavy-to-light decays}",
    eprint = "hep-ph/0503039",
    archivePrefix = "arXiv",
    reportNumber = "ALBERTA-THY-14-04, UVIC-TH-04-08, UVIC-TH-04-07",
    doi = "10.1103/PhysRevD.71.054004",
    journal = "Phys. Rev. D",
    volume = "71",
    pages = "054004",
    year = "2005",
    note = "[Erratum: Phys.Rev.D 79, 019901 (2009)]"
}

@article{Czarnecki:1990kv,
    author = "Czarnecki, Andrzej",
    title = "{QCD corrections to the decay t ---\ensuremath{>} W b in dimensional regularization}",
    reportNumber = "ALBERTA-THY-24-90",
    doi = "10.1016/0370-2693(90)90571-M",
    journal = "Phys. Lett. B",
    volume = "252",
    pages = "467--470",
    year = "1990"
}

@article{Naterop:2019xaf,
    author = "Naterop, L. and Signer, A. and Ulrich, Y.",
    title = "{handyG \textemdash{}Rapid numerical evaluation of generalised polylogarithms in Fortran}",
    eprint = "1909.01656",
    archivePrefix = "arXiv",
    primaryClass = "hep-ph",
    reportNumber = "PSI-PR-19-17, ZU-TH 40/19",
    doi = "10.1016/j.cpc.2020.107165",
    journal = "Comput. Phys. Commun.",
    volume = "253",
    pages = "107165",
    year = "2020"
}

@article{Gehrmann:2015ora,
    author = "Gehrmann, Thomas and von Manteuffel, Andreas and Tancredi, Lorenzo",
    title = "{The two-loop helicity amplitudes for $ q\overline{q}^{\prime}\to {V}_1{V}_2\to 4 $ leptons}",
    eprint = "1503.04812",
    archivePrefix = "arXiv",
    primaryClass = "hep-ph",
    reportNumber = "ZU-TH-03-15, MITP-15-011, TTP15-011",
    doi = "10.1007/JHEP09(2015)128",
    journal = "JHEP",
    volume = "09",
    pages = "128",
    year = "2015"
}

@article{Billis:2019vxg,
    author = "Billis, Georgios and Ebert, Markus A. and Michel, Johannes K. L. and Tackmann, Frank J.",
    title = "{A toolbox for $q_{T}$ and 0-jettiness subtractions at $\hbox {N}^3\hbox {LO}$}",
    eprint = "1909.00811",
    archivePrefix = "arXiv",
    primaryClass = "hep-ph",
    reportNumber = "DESY 19-145, MIT-CTP/5140, DESY-19-145",
    doi = "10.1140/epjp/s13360-021-01155-y",
    journal = "Eur. Phys. J. Plus",
    volume = "136",
    number = "2",
    pages = "214",
    year = "2021"
}

@article{Gehrmann:2014yya,
    author = "Gehrmann, Thomas and Luebbert, Thomas and Yang, Li Lin",
    title = "{Calculation of the transverse parton distribution functions at next-to-next-to-leading order}",
    eprint = "1403.6451",
    archivePrefix = "arXiv",
    primaryClass = "hep-ph",
    reportNumber = "DESY-14-037",
    doi = "10.1007/JHEP06(2014)155",
    journal = "JHEP",
    volume = "06",
    pages = "155",
    year = "2014"
}

@article{Becher:2020ugp,
	author = "Becher, Thomas and Neumann, Tobias",
	title = "{Fiducial $q_T$ resummation of color-singlet processes at N$^3$LL+NNLO}",
	journal        = "JHEP",
	volume         = "03",
	year           = "2021",
	pages          = "199",
	eprint = "2009.11437",
	archivePrefix = "arXiv",
	primaryClass = "hep-ph",
	reportNumber = "FERMILAB-PUB-20-272-T, IIT-CAPP-20-02",
	doi = "10.1007/JHEP03(2021)199"
}

@article{Carrazza:2016gav,
      author         = "Carrazza, Stefano and Ellis, R. Keith and Zanderighi,
                        Giulia",
      title          = "{QCDLoop: a comprehensive framework for one-loop scalar
                        integrals}",
      journal        = "Comput. Phys. Commun.",
      volume         = "209",
      year           = "2016",
      pages          = "134-143",
      doi            = "10.1016/j.cpc.2016.07.033",
      eprint         = "1605.03181",
      archivePrefix  = "arXiv",
      primaryClass   = "hep-ph",
      reportNumber   = "CERN-TH-2016-101",
      SLACcitation   = "%%CITATION = ARXIV:1605.03181;%%"
}

@article{Ellis:2007qk,
	author         = "Ellis, R. Keith and Zanderighi, Giulia",
	title          = "{Scalar one-loop integrals for QCD}",
	journal        = "JHEP",
	volume         = "02",
	year           = "2008",
	pages          = "002",
	doi            = "10.1088/1126-6708/2008/02/002",
	eprint         = "0712.1851",
	archivePrefix  = "arXiv",
	primaryClass   = "hep-ph",
	reportNumber   = "FERMILAB-PUB-07-633-T, OUTP-07-16P",
	SLACcitation   = "%%CITATION = ARXIV:0712.1851;%%"
}

@article{Georgi:1991ci,
	author         = "Georgi, Howard",
	title          = "{Effective field theory and electroweak radiative
	corrections}",
	journal        = "Nucl. Phys.",
	volume         = "B363",
	year           = "1991",
	pages          = "301-325",
	doi            = "10.1016/0550-3213(91)80022-E",
	reportNumber   = "HUTP-90-A077",
	SLACcitation   = "%%CITATION = NUPHA,B363,301;%%"
}

@article{Maltoni:2002qb,
	author         = "Maltoni, Fabio and Stelzer, Tim",
	title          = "{MadEvent: Automatic event generation with MadGraph}",
	journal        = "JHEP",
	volume         = "02",
	year           = "2003",
	pages          = "027",
	doi            = "10.1088/1126-6708/2003/02/027",
	eprint         = "hep-ph/0208156",
	archivePrefix  = "arXiv",
	primaryClass   = "hep-ph",
	SLACcitation   = "%%CITATION = HEP-PH/0208156;%%"
}

@article{Alpgen,
	author = "Michelangelo L. Mangano and Mauro Moretti and Fulvio Piccinini and Roberto Pittau and Antonello Polosa",
	title          = "{Alpgen}",
	url ="http://mlm.home.cern.ch/mlm/alpgen/"
}

@article{Lusifer,
	author = {Stefan Dittmaier and Markus Roth},
	title          = "{Lusifer}",
	url = {http://wwwth.mppmu.mpg.de/members/roth/Lusifer/lusifer.html}
}

@article{Cacciari:2008gp,
	author         = "Cacciari, Matteo and Salam, Gavin P. and Soyez, Gregory",
	title          = "{The Anti-$k_t$ jet clustering algorithm}",
	journal        = "JHEP",
	volume         = "04",
	year           = "2008",
	pages          = "063",
	doi            = "10.1088/1126-6708/2008/04/063",
	eprint         = "0802.1189",
	archivePrefix  = "arXiv",
	primaryClass   = "hep-ph",
	reportNumber   = "LPTHE-07-03",
	SLACcitation   = "%%CITATION = ARXIV:0802.1189;%%"
}

@article{Bourhis:1997yu,
	author         = "Bourhis, L. and Fontannaz, M. and Guillet, J. P.",
	title          = "{Quarks and gluon fragmentation functions into photons}",
	journal        = "Eur. Phys. J.",
	volume         = "C2",
	year           = "1998",
	pages          = "529-537",
	doi            = "10.1007/s100520050158",
	eprint         = "hep-ph/9704447",
	archivePrefix  = "arXiv",
	primaryClass   = "hep-ph",
	reportNumber   = "LPTHE-ORSAY-96-103, ENSLAPP-A-631-96",
	SLACcitation   = "%%CITATION = HEP-PH/9704447;%%"
}

@article{GehrmannDeRidder:1998ba,
	author         = "Gehrmann-De Ridder, A. and Glover, E. W. Nigel",
	title          = "{Final state photon production at LEP}",
	journal        = "Eur. Phys. J.",
	volume         = "C7",
	year           = "1999",
	pages          = "29-48",
	doi            = "10.1007/s100520050382, 10.1007/s100529800958",
	eprint         = "hep-ph/9806316",
	archivePrefix  = "arXiv",
	primaryClass   = "hep-ph",
	reportNumber   = "DTP-98-26, DESY-98-068",
	SLACcitation   = "%%CITATION = HEP-PH/9806316;%%"
}

@article{Nagy:2003tz,
	author         = "Nagy, Zoltan",
	title          = "{Next-to-leading order calculation of three jet
	observables in hadron hadron collision}",
	journal        = "Phys. Rev.",
	volume         = "D68",
	year           = "2003",
	pages          = "094002",
	doi            = "10.1103/PhysRevD.68.094002",
	eprint         = "hep-ph/0307268",
	archivePrefix  = "arXiv",
	primaryClass   = "hep-ph",
	SLACcitation   = "%%CITATION = HEP-PH/0307268;%%"
}

@article{Eskola:1998df,
	author         = "Eskola, K. J. and Kolhinen, V. J. and Salgado, C. A.",
	title          = "{The Scale dependent nuclear effects in parton
	distributions for practical applications}",
	journal        = "Eur. Phys. J.",
	volume         = "C9",
	year           = "1999",
	pages          = "61-68",
	doi            = "10.1007/s100520050513, 10.1007/s100529900005",
	eprint         = "hep-ph/9807297",
	archivePrefix  = "arXiv",
	primaryClass   = "hep-ph",
	reportNumber   = "JYFL-8-98, US-FT-14-98",
	SLACcitation   = "%%CITATION = HEP-PH/9807297;%%"
}

@article{Campbell:2006wx,
	author         = "Campbell, John M. and Huston, J. W. and Stirling, W. J.",
	title          = "{Hard Interactions of Quarks and Gluons: A Primer for LHC
	Physics}",
	journal        = "Rept. Prog. Phys.",
	volume         = "70",
	year           = "2007",
	pages          = "89",
	doi            = "10.1088/0034-4885/70/1/R02",
	eprint         = "hep-ph/0611148",
	archivePrefix  = "arXiv",
	primaryClass   = "hep-ph",
	SLACcitation   = "%%CITATION = HEP-PH/0611148;%%"
}

@article{Ball:2008by,
	author         = "Ball, Richard D. and Del Debbio, Luigi and Forte, Stefano
	and Guffanti, Alberto and Latorre, Jose I. and Piccione,
	Andrea and Rojo, Juan and Ubiali, Maria",
	title          = "{A Determination of parton distributions with faithful
	uncertainty estimation}",
	collaboration  = "NNPDF",
	journal        = "Nucl. Phys.",
	volume         = "B809",
	year           = "2009",
	pages          = "1-63",
	doi            = "10.1016/j.nuclphysb.2008.09.037,
	10.1016/j.nuclphysb.2009.02.027",
	note           = "[Erratum: Nucl. Phys.B816,293(2009)]",
	eprint         = "0808.1231",
	archivePrefix  = "arXiv",
	primaryClass   = "hep-ph",
	reportNumber   = "EDINBURGH-2008-25, IFUM-923-FT, FREIBURG-2008-08",
	SLACcitation   = "%%CITATION = ARXIV:0808.1231;%%"
}

@article{Badger:2010mg,
	author         = "Badger, Simon and Campbell, John M. and Ellis, R. K.",
	title          = "{QCD corrections to the hadronic production of a heavy
	quark pair and a W-boson including decay correlations}",
	journal        = "JHEP",
	volume         = "03",
	year           = "2011",
	pages          = "027",
	doi            = "10.1007/JHEP03(2011)027",
	eprint         = "1011.6647",
	archivePrefix  = "arXiv",
	primaryClass   = "hep-ph",
	reportNumber   = "FERMILAB-PUB-10-482-T",
	SLACcitation   = "%%CITATION = ARXIV:1011.6647;%%"
}

@article{Bern:1997sc,
	author         = "Bern, Zvi and Dixon, Lance J. and Kosower, David A.",
	title          = "{One loop amplitudes for e+ e- to four partons}",
	journal        = "Nucl. Phys.",
	volume         = "B513",
	year           = "1998",
	pages          = "3-86",
	doi            = "10.1016/S0550-3213(97)00703-7",
	eprint         = "hep-ph/9708239",
	archivePrefix  = "arXiv",
	primaryClass   = "hep-ph",
	reportNumber   = "SLAC-PUB-7529, SACLAY-SPH-T-97-090, UCLA-97-TEP-10",
	SLACcitation   = "%%CITATION = HEP-PH/9708239;%%"
}

@article{Dixon:1998py,
	author         = "Dixon, Lance J. and Kunszt, Z. and Signer, A.",
	title          = "{Helicity amplitudes for $O(\alpha_s)$ production of $W^{+}
	W^{-}$, $W^\pm Z$, $Z Z$, $W^\pm \gamma$, or $Z \gamma$
	pairs at hadron colliders}",
	journal        = "Nucl. Phys.",
	volume         = "B531",
	year           = "1998",
	pages          = "3-23",
	doi            = "10.1016/S0550-3213(98)00421-0",
	eprint         = "hep-ph/9803250",
	archivePrefix  = "arXiv",
	primaryClass   = "hep-ph",
	reportNumber   = "SLAC-PUB-7750, ETH-TH-98-07, CERN-TH-98-66",
	SLACcitation   = "%%CITATION = HEP-PH/9803250;%%"
}

@article{Dixon:1999di,
	author         = "Dixon, Lance J. and Kunszt, Z. and Signer, A.",
	title          = "{Vector boson pair production in hadronic collisions at
	order $\alpha_s$ : Lepton correlations and anomalous
	couplings}",
	journal        = "Phys. Rev.",
	volume         = "D60",
	year           = "1999",
	pages          = "114037",
	doi            = "10.1103/PhysRevD.60.114037",
	eprint         = "hep-ph/9907305",
	archivePrefix  = "arXiv",
	primaryClass   = "hep-ph",
	reportNumber   = "SLAC-PUB-8188, ETH-TH-99-10, DTP-99-72",
	SLACcitation   = "%%CITATION = HEP-PH/9907305;%%"
}

@article{Ellis:1991qj,
	author         = "Ellis, R. Keith and Stirling, W. James and Webber, B. R.",
	title          = "{QCD and collider physics}",
	journal        = "Camb. Monogr. Part. Phys. Nucl. Phys. Cosmol.",
	volume         = "8",
	year           = "1996",
	pages          = "1-435",
	SLACcitation   = "%%CITATION = CMPCE,8,1;%%"
}

@article{Campbell:2011cu,
	author         = "Campbell, John M. and Ellis, R. Keith and Williams,
	Ciaran",
	title          = "{Gluon-Gluon Contributions to W+ W- Production and Higgs
	Interference Effects}",
	journal        = "JHEP",
	volume         = "10",
	year           = "2011",
	pages          = "005",
	doi            = "10.1007/JHEP10(2011)005",
	eprint         = "1107.5569",
	archivePrefix  = "arXiv",
	primaryClass   = "hep-ph",
	reportNumber   = "FERMILAB-PUB-11-340-T",
	SLACcitation   = "%%CITATION = ARXIV:1107.5569;%%"
}

@article{Melia:2010bm,
	author         = "Melia, Tom and Melnikov, Kirill and Rontsch, Raoul and
	Zanderighi, Giulia",
	title          = "{Next-to-leading order QCD predictions for $W^+W^+jj$
	production at the LHC}",
	journal        = "JHEP",
	volume         = "12",
	year           = "2010",
	pages          = "053",
	doi            = "10.1007/JHEP12(2010)053",
	eprint         = "1007.5313",
	archivePrefix  = "arXiv",
	primaryClass   = "hep-ph",
	SLACcitation   = "%%CITATION = ARXIV:1007.5313;%%"
}

@article{Amsler:2008zzb,
	author         = "Amsler, Claude and others",
	title          = "{Review of Particle Physics}",
	collaboration  = "Particle Data Group",
	journal        = "Phys. Lett.",
	volume         = "B667",
	year           = "2008",
	pages          = "1-1340",
	doi            = "10.1016/j.physletb.2008.07.018",
	SLACcitation   = "%%CITATION = PHLTA,B667,1;%%"
}

@article{Korner:2002hy,
	author         = "Korner, J. G. and Merebashvili, Z.",
	title          = "{One loop corrections to four point functions with two
	external massive fermions and two external massless
	partons}",
	journal        = "Phys. Rev.",
	volume         = "D66",
	year           = "2002",
	pages          = "054023",
	doi            = "10.1103/PhysRevD.66.054023",
	eprint         = "hep-ph/0207054",
	archivePrefix  = "arXiv",
	primaryClass   = "hep-ph",
	reportNumber   = "MZ-TH-02-10",
	SLACcitation   = "%%CITATION = HEP-PH/0207054;%%"
}

@article{Nason:1987xz,
	author         = "Nason, P. and Dawson, S. and Ellis, R. Keith",
	title          = "{The Total Cross-Section for the Production of Heavy
	Quarks in Hadronic Collisions}",
	journal        = "Nucl. Phys.",
	volume         = "B303",
	year           = "1988",
	pages          = "607-633",
	doi            = "10.1016/0550-3213(88)90422-1",
	reportNumber   = "FERMILAB-PUB-87-222-T, BNL-40718",
	SLACcitation   = "%%CITATION = NUPHA,B303,607;%%"
}

@article{Ravindran:2002dc,
	author         = "Ravindran, V. and Smith, J. and Van Neerven, W. L.",
	title          = "{Next-to-leading order QCD corrections to differential
	distributions of Higgs boson production in hadron hadron
	collisions}",
	journal        = "Nucl. Phys.",
	volume         = "B634",
	year           = "2002",
	pages          = "247-290",
	doi            = "10.1016/S0550-3213(02)00333-4",
	eprint         = "hep-ph/0201114",
	archivePrefix  = "arXiv",
	primaryClass   = "hep-ph",
	reportNumber   = "YITP-SB-01-73, INLO-PUB-12-01",
	SLACcitation   = "%%CITATION = HEP-PH/0201114;%%"
}

@article{Campbell:2012uf,
	author         = "Campbell, John M. and Ellis, R. Keith",
	title          = "{Top-Quark Processes at NLO in Production and Decay}",
	journal        = "J. Phys.",
	volume         = "G42",
	year           = "2015",
	number         = "1",
	pages          = "015005",
	doi            = "10.1088/0954-3899/42/1/015005",
	eprint         = "1204.1513",
	archivePrefix  = "arXiv",
	primaryClass   = "hep-ph",
	reportNumber   = "FERMILAB-PUB-12-078-T",
	SLACcitation   = "%%CITATION = ARXIV:1204.1513;%%"
}

@article{Schmidt:1997wr,
	author         = "Schmidt, Carl R.",
	title          = "{H $\to$ ggg(gqq) at two loops in the large-$M_t$ limit}",
	journal        = "Phys. Lett.",
	volume         = "B413",
	year           = "1997",
	pages          = "391-395",
	doi            = "10.1016/S0370-2693(97)01102-7",
	eprint         = "hep-ph/9707448",
	archivePrefix  = "arXiv",
	primaryClass   = "hep-ph",
	reportNumber   = "MSUHEP-70723",
	SLACcitation   = "%%CITATION = HEP-PH/9707448;%%"
}

@article{deFlorian:1999zd,
	author         = "de Florian, D. and Grazzini, M. and Kunszt, Z.",
	title          = "{Higgs production with large transverse momentum in
	hadronic collisions at next-to-leading order}",
	journal        = "Phys. Rev. Lett.",
	volume         = "82",
	year           = "1999",
	pages          = "5209-5212",
	doi            = "10.1103/PhysRevLett.82.5209",
	eprint         = "hep-ph/9902483",
	archivePrefix  = "arXiv",
	primaryClass   = "hep-ph",
	reportNumber   = "ETH-TH-99-06",
	SLACcitation   = "%%CITATION = HEP-PH/9902483;%%"
}

@article{Glosser:2002gm,
	author         = "Glosser, Christopher J. and Schmidt, Carl R.",
	title          = "{Next-to-leading corrections to the Higgs boson
	transverse momentum spectrum in gluon fusion}",
	journal        = "JHEP",
	volume         = "12",
	year           = "2002",
	pages          = "016",
	doi            = "10.1088/1126-6708/2002/12/016",
	eprint         = "hep-ph/0209248",
	archivePrefix  = "arXiv",
	primaryClass   = "hep-ph",
	reportNumber   = "MSUHEP-20915, UTHEP-02-0902",
	SLACcitation   = "%%CITATION = HEP-PH/0209248;%%"
}

@article{Kleiss:1988xr,
	author         = "Kleiss, R. and Stirling, W. James",
	title          = "{Top quark production at hadron colliders: Some useful formulae}",
	journal        = "Z. Phys.",
	volume         = "C40",
	year           = "1988",
	pages          = "419-423",
	doi            = "10.1007/BF01548856",
	SLACcitation   = "%%CITATION = ZEPYA,C40,419;%%"
}

@article{Frixione:1998jh,
	author         = "Frixione, Stefano",
	title          = "{Isolated photons in perturbative QCD}",
	journal        = "Phys. Lett.",
	volume         = "B429",
	year           = "1998",
	pages          = "369-374",
	doi            = "10.1016/S0370-2693(98)00454-7",
	eprint         = "hep-ph/9801442",
	archivePrefix  = "arXiv",
	primaryClass   = "hep-ph",
	reportNumber   = "ETH-TH-97-40",
	SLACcitation   = "%%CITATION = HEP-PH/9801442;%%"
}

@article{Bern:2002jx,
	author         = "Bern, Zvi and Dixon, Lance J. and Schmidt, Carl",
	title          = "{Isolating a light Higgs boson from the diphoton
	background at the CERN LHC}",
	journal        = "Phys. Rev.",
	volume         = "D66",
	year           = "2002",
	pages          = "074018",
	doi            = "10.1103/PhysRevD.66.074018",
	eprint         = "hep-ph/0206194",
	archivePrefix  = "arXiv",
	primaryClass   = "hep-ph",
	reportNumber   = "SLAC-PUB-9198, UCLA-02-TEP-8, DAMTP-2002-41,
	MSUHEP-20522",
	SLACcitation   = "%%CITATION = HEP-PH/0206194;%%"
}

@article{DeFlorian:2000sg,
	author         = "De Florian, D. and Signer, A.",
	title          = "{W gamma and Z gamma production at hadron colliders}",
	journal        = "Eur. Phys. J.",
	volume         = "C16",
	year           = "2000",
	pages          = "105-114",
	doi            = "10.1007/s100520050007",
	eprint         = "hep-ph/0002138",
	archivePrefix  = "arXiv",
	primaryClass   = "hep-ph",
	reportNumber   = "ETH-TH-00-04, DTP-00-10",
	SLACcitation   = "%%CITATION = HEP-PH/0002138;%%"
}

@article{Campbell:2008hh,
	author         = "Campbell, John M. and Ellis, R. Keith and Febres Cordero,
	F. and Maltoni, F. and Reina, L. and Wackeroth, D. and
	Willenbrock, S.",
	title          = "{Associated Production of a $W$ Boson and One $b$ Jet}",
	journal        = "Phys. Rev.",
	volume         = "D79",
	year           = "2009",
	pages          = "034023",
	doi            = "10.1103/PhysRevD.79.034023",
	eprint         = "0809.3003",
	archivePrefix  = "arXiv",
	primaryClass   = "hep-ph",
	reportNumber   = "FERMILAB-PUB-08-357-T, UCLA-08-TEP-27, CP3-08-38,
	FSU-HEP-080731, ILL (TH)-08-04",
	SLACcitation   = "%%CITATION = ARXIV:0809.3003;%%"
}

@article{Caola:2011pz,
	author         = "Campbell, J. M. and Caola, F. and Febres Cordero, F. and
	Reina, L. and Wackeroth, D.",
	title          = "{NLO QCD predictions for $W+1$ jet and $W+2$ jet
	production with at least one $b$ jet at the 7 TeV LHC}",
	journal        = "Phys. Rev.",
	volume         = "D86",
	year           = "2012",
	pages          = "034021",
	doi            = "10.1103/PhysRevD.86.034021",
	eprint         = "1107.3714",
	archivePrefix  = "arXiv",
	primaryClass   = "hep-ph",
	reportNumber   = "FERMILAB-PUB-11-325-T, NSF-KITP-11-134",
	SLACcitation   = "%%CITATION = ARXIV:1107.3714;%%"
}

@article{Badger:2011yu,
	author         = "Badger, Simon and Sattler, Ralf and Yundin, Valery",
	title          = "{One-Loop Helicity Amplitudes for $t\bar{t}$ Production
	at Hadron Colliders}",
	journal        = "Phys. Rev.",
	volume         = "D83",
	year           = "2011",
	pages          = "074020",
	doi            = "10.1103/PhysRevD.83.074020",
	eprint         = "1101.5947",
	archivePrefix  = "arXiv",
	primaryClass   = "hep-ph",
	reportNumber   = "DESY-11-012, LPN-11-06, HU-EP-11-06, SFB-CPP-11-04",
	SLACcitation   = "%%CITATION = ARXIV:1101.5947;%%"
}

@article{Djouadi:1996yq,
	author         = "Djouadi, A. and Driesen, V. and Hollik, W. and Kraft, A.",
	title          = "{The Higgs photon - Z boson coupling revisited}",
	journal        = "Eur. Phys. J.",
	volume         = "C1",
	year           = "1998",
	pages          = "163-175",
	doi            = "10.1007/BF01245806",
	eprint         = "hep-ph/9701342",
	archivePrefix  = "arXiv",
	primaryClass   = "hep-ph",
	reportNumber   = "KA-TP-30-1996, PM-96-39",
	SLACcitation   = "%%CITATION = HEP-PH/9701342;%%"
}

@article{Glover:1987nx,
	author         = "Glover, E. W. Nigel and van der Bij, J. J.",
	title          = "{Higgs boson pair production via gluon fusion}",
	journal        = "Nucl. Phys.",
	volume         = "B309",
	year           = "1988",
	pages          = "282-294",
	doi            = "10.1016/0550-3213(88)90083-1",
	reportNumber   = "CERN-TH-4934/87",
	SLACcitation   = "%%CITATION = NUPHA,B309,282;%%"
}

@article{Goria:2011wa,
	author         = "Goria, Stefano and Passarino, Giampiero and Rosco, Dario",
	title          = "{The Higgs Boson Lineshape}",
	journal        = "Nucl. Phys.",
	volume         = "B864",
	year           = "2012",
	pages          = "530-579",
	doi            = "10.1016/j.nuclphysb.2012.07.006",
	eprint         = "1112.5517",
	archivePrefix  = "arXiv",
	primaryClass   = "hep-ph",
	SLACcitation   = "%%CITATION = ARXIV:1112.5517;%%"
}

@article{Passarino:2010qk,
	author         = "Passarino, Giampiero and Sturm, Christian and Uccirati,
	Sandro",
	title          = "{Higgs Pseudo-Observables, Second Riemann Sheet and All
	That}",
	journal        = "Nucl. Phys.",
	volume         = "B834",
	year           = "2010",
	pages          = "77-115",
	doi            = "10.1016/j.nuclphysb.2010.03.013",
	eprint         = "1001.3360",
	archivePrefix  = "arXiv",
	primaryClass   = "hep-ph",
	reportNumber   = "TTP-10-04",
	SLACcitation   = "%%CITATION = ARXIV:1001.3360;%%"
}

@article{Martin:2009iq,
	author         = "Martin, A. D. and Stirling, W. J. and Thorne, R. S. and
	Watt, G.",
	title          = "{Parton distributions for the LHC}",
	journal        = "Eur. Phys. J.",
	volume         = "C63",
	year           = "2009",
	pages          = "189-285",
	doi            = "10.1140/epjc/s10052-009-1072-5",
	eprint         = "0901.0002",
	archivePrefix  = "arXiv",
	primaryClass   = "hep-ph",
	reportNumber   = "IPPP-08-95, DCPT-08-190, CAVENDISH-HEP-08-16",
	SLACcitation   = "%%CITATION = ARXIV:0901.0002;%%"
}

@article{Lai:2010vv,
	author         = "Lai, Hung-Liang and Guzzi, Marco and Huston, Joey and Li,
	Zhao and Nadolsky, Pavel M. and Pumplin, Jon and Yuan, C.
	-P.",
	title          = "{New parton distributions for collider physics}",
	journal        = "Phys. Rev.",
	volume         = "D82",
	year           = "2010",
	pages          = "074024",
	doi            = "10.1103/PhysRevD.82.074024",
	eprint         = "1007.2241",
	archivePrefix  = "arXiv",
	primaryClass   = "hep-ph",
	reportNumber   = "MSUHEP-100707, SMU-HEP-10-10",
	SLACcitation   = "%%CITATION = ARXIV:1007.2241;%%"
}

@article{Dulat:2015mca,
	author         = "Dulat, Sayipjamal and Hou, Tie-Jiun and Gao, Jun and
	Guzzi, Marco and Huston, Joey and Nadolsky, Pavel and
	Pumplin, Jon and Schmidt, Carl and Stump, Daniel and Yuan,
	C. P.",
	title          = "{New parton distribution functions from a global analysis
	of quantum chromodynamics}",
	journal        = "Phys. Rev.",
	volume         = "D93",
	year           = "2016",
	number         = "3",
	pages          = "033006",
	doi            = "10.1103/PhysRevD.93.033006",
	eprint         = "1506.07443",
	archivePrefix  = "arXiv",
	primaryClass   = "hep-ph",
	SLACcitation   = "%%CITATION = ARXIV:1506.07443;%%"
}

@article{Ball:2012cx,
	author         = "Ball, Richard D. and others",
	title          = "{Parton distributions with LHC data}",
	journal        = "Nucl. Phys.",
	volume         = "B867",
	year           = "2013",
	pages          = "244-289",
	doi            = "10.1016/j.nuclphysb.2012.10.003",
	eprint         = "1207.1303",
	archivePrefix  = "arXiv",
	primaryClass   = "hep-ph",
	reportNumber   = "EDINBURGH-2012-08, IFUM-FT-997, FR-PHENO-2012-014,
	RWTH-TTK-12-25, CERN-PH-TH-2012-037, SFB-CPP-12-47",
	SLACcitation   = "%%CITATION = ARXIV:1207.1303;%%"
}

@article{Ball:2014uwa,
	author         = "Ball, Richard D. and others",
	title          = "{Parton distributions for the LHC Run II}",
	collaboration  = "NNPDF",
	journal        = "JHEP",
	volume         = "04",
	year           = "2015",
	pages          = "040",
	doi            = "10.1007/JHEP04(2015)040",
	eprint         = "1410.8849",
	archivePrefix  = "arXiv",
	primaryClass   = "hep-ph",
	reportNumber   = "EDINBURGH-2014-15, IFUM-1034-FT, CERN-PH-TH-2013-253,
	OUTP-14-11P, CAVENDISH-HEP-14-11",
	SLACcitation   = "%%CITATION = ARXIV:1410.8849;%%"
}

@article{Harland-Lang:2014zoa,
	author         = "Harland-Lang, L. A. and Martin, A. D. and Motylinski, P.
	and Thorne, R. S.",
	title          = "{Parton distributions in the LHC era: MMHT 2014 PDFs}",
	journal        = "Eur. Phys. J.",
	volume         = "C75",
	year           = "2015",
	number         = "5",
	pages          = "204",
	doi            = "10.1140/epjc/s10052-015-3397-6",
	eprint         = "1412.3989",
	archivePrefix  = "arXiv",
	primaryClass   = "hep-ph",
	reportNumber   = "LCTS-2014-47, IPPP-14-97, DCPT-14-194",
	SLACcitation   = "%%CITATION = ARXIV:1412.3989;%%"
}

@article{Campbell:2016dks,
	author         = "Campbell, John M. and Wackeroth, Doreen and Zhou, Jia",
	title          = "{Study of weak corrections to Drell-Yan, top-quark pair,
	and dijet production at high energies with MCFM}",
	journal        = "Phys. Rev.",
	volume         = "D94",
	year           = "2016",
	number         = "9",
	pages          = "093009",
	doi            = "10.1103/PhysRevD.94.093009",
	eprint         = "1608.03356",
	archivePrefix  = "arXiv",
	primaryClass   = "hep-ph",
	reportNumber   = "FERMILAB-PUB-16-314-T",
	SLACcitation   = "%%CITATION = ARXIV:1608.03356;%%"
}

@article{Schmidt:2015zda,
	author         = "Schmidt, Carl and Pumplin, Jon and Stump, Daniel and
	Yuan, C. P.",
	title          = "{CT14QED parton distribution functions from isolated
	photon production in deep inelastic scattering}",
	journal        = "Phys. Rev.",
	volume         = "D93",
	year           = "2016",
	number         = "11",
	pages          = "114015",
	doi            = "10.1103/PhysRevD.93.114015",
	eprint         = "1509.02905",
	archivePrefix  = "arXiv",
	primaryClass   = "hep-ph",
	SLACcitation   = "%%CITATION = ARXIV:1509.02905;%%"
}

@article{Neumann:2016dny,
	author         = "Neumann, Tobias and Williams, Ciaran",
	title          = "{The Higgs boson at high $p_T$}",
	journal        = "Phys. Rev.",
	volume         = "D95",
	year           = "2017",
	number         = "1",
	pages          = "014004",
	doi            = "10.1103/PhysRevD.95.014004",
	eprint         = "1609.00367",
	archivePrefix  = "arXiv",
	primaryClass   = "hep-ph",
	SLACcitation   = "%%CITATION = ARXIV:1609.00367;%%"
}

@article{Passarino:1978jh,
	author         = "Passarino, G. and Veltman, M.J.G.",
	title          = "{One Loop Corrections for e+ e- Annihilation Into mu+ mu-
	in the Weinberg Model}",
	journal        = "Nucl.Phys.",
	volume         = "B160",
	pages          = "151",
	doi            = "10.1016/0550-3213(79)90234-7",
	year           = "1979",
	reportNumber   = "Print-79-0284 (UTRECHT)",
	SLACcitation   = "%%CITATION = NUPHA,B160,151;%%",
}

@article{vanOldenborgh:1989wn,
	author         = "van Oldenborgh, G.J. and Vermaseren, J.A.M.",
	title          = "{New Algorithms for One Loop Integrals}",
	journal        = "Z.Phys.",
	volume         = "C46",
	pages          = "425-438",
	doi            = "10.1007/BF01621031",
	year           = "1990",
	reportNumber   = "NIKHEF-H/89-17",
	SLACcitation   = "%%CITATION = ZEPYA,C46,425;%%",
}

@article{Neumann:2018bsx,
	author         = "Neumann, Tobias",
	title          = "{NLO Higgs+jet production at large transverse momenta
	including top quark mass effects}",
	journal        = "J. Phys. Comm.",
	volume         = "2",
	year           = "2018",
	number         = "9",
	pages          = "095017",
	doi            = "10.1088/2399-6528/aadfbf",
	eprint         = "1802.02981",
	archivePrefix  = "arXiv",
	primaryClass   = "hep-ph",
	reportNumber   = "IIT-CAPP-18-01, FERMILAB-PUB-18-034-T",
	SLACcitation   = "%%CITATION = ARXIV:1802.02981;%%"
}

@article{MCFM9,
	author = "Campbell, John and Neumann, Tobias",
	title = "{Precision Phenomenology with MCFM}",
	eprint = "1909.09117",
	archivePrefix = "arXiv",
	primaryClass = "hep-ph",
	reportNumber = "FERMILAB-PUB-19-477-T, IIT-CAPP-19-03",
	doi = "10.1007/JHEP12(2019)034",
	journal = "JHEP",
	volume = "12",
	pages = "034",
	year = "2019"
}

@Misc{libqd,
	author =   {Yozo Hida and Xiaoye S. Li and David H. Bailey},
	title =    {Quad Double computation package},
	howpublished = {\url{https://crd.lbl.gov/~dhbailey/mpdist/}},
	year = {2003--2018}
}


@Misc{Vugt2016,
	author = {Daan van Vugt and Koen Beljaars},
	title  = {{Modern fortran implementation of a Sobol sequence}},
	year   = {2016},
	url    = {https://github.com/Exteris/sobseq},
}

@Misc{Joe2010,
	author = {S. Joe and F. Y. Kuo},
	title  = {Sobol sequence direction numbers},
	year   = {2010},
	url    = {https://web.maths.unsw.edu.au/~fkuo/sobol/},
}

@Misc{JTeunis,
	author = {Jannis Teunissen},
	title = {{config\_fortran - A configuration file parser for Fortran}},
	year = {2019},
	url = {https://github.com/jannisteunissen/config_fortran},
}

@article{Neumann:2019kvk,
	author         = "Neumann, Tobias and Sullivan, Zack Edward",
	title          = "{Off-Shell Single-Top-Quark Production in the Standard
	Model Effective Field Theory}",
	journal        = "JHEP",
	volume         = "06",
	year           = "2019",
	pages          = "022",
	doi            = "10.1007/JHEP06(2019)022",
	eprint         = "1903.11023",
	archivePrefix  = "arXiv",
	primaryClass   = "hep-ph",
	reportNumber   = "FERMILAB-PUB-19-119-T, IIT-CAPP-19-01",
	SLACcitation   = "%%CITATION = ARXIV:1903.11023;%%"
}

@article{Campbell:2022qpq,
    author = "Campbell, John M. and De Laurentis, Giuseppe and Ellis, R. Keith",
    title = "{Vector boson pair production at one loop: analytic results for the process $ \mathrm{q}\overline{\mathrm{q}}\ell \overline{\ell}{\ell}^{\prime }{\overline{\ell}}^{\prime}\mathrm{g} $}",
    eprint = "2203.17170",
    archivePrefix = "arXiv",
    primaryClass = "hep-ph",
    reportNumber = "FERMILAB-PUB-22-231-T, FR-PHENO-2022-06, IPPP/22/17, FERMILAB-PUB-22-231-T,FR-PHENO-2022-06,IPPP/22/17",
    doi = "10.1007/JHEP07(2022)096",
    journal = "JHEP",
    volume = "07",
    pages = "096",
    year = "2022"
}

@article{Campbell:2022gdq,
    author = "Campbell, John M. and Ellis, R. Keith and Seth, Satyajit",
    title = "{Non-local slicing approaches for NNLO QCD in MCFM}",
    eprint = "2202.07738",
    archivePrefix = "arXiv",
    primaryClass = "hep-ph",
    reportNumber = "FERMILAB-PUB-22-075-T, IPPP/22/05",
    month = "2",
    year = "2022"
}

@article{Campbell:2021qgd,
    author = "Campbell, John and Neumann, Tobias and Sullivan, Zack",
    title = "{Testing parton distribution functions with t-channel single-top-quark production}",
    eprint = "2109.10448",
    archivePrefix = "arXiv",
    primaryClass = "hep-ph",
    reportNumber = "FERMILAB-PUB-21-456-T, IIT-CAPP-21-01",
    doi = "10.1103/PhysRevD.104.094042",
    journal = "Phys. Rev. D",
    volume = "104",
    number = "9",
    pages = "094042",
    year = "2021"
}

@article{Campbell:2021vlt,
    author = {Campbell, John M. and H\"oche, Stefan and Preuss, Christian T.},
    title = "{Accelerating LHC phenomenology with analytic one-loop amplitudes: A C++ interface to MCFM}",
    eprint = "2107.04472",
    archivePrefix = "arXiv",
    primaryClass = "hep-ph",
    reportNumber = "FERMILAB-PUB-21-290-T, MCNET-21-13",
    doi = "10.1140/epjc/s10052-021-09885-0",
    journal = "Eur. Phys. J. C",
    volume = "81",
    number = "12",
    pages = "1117",
    year = "2021"
}

@article{Campbell:2021mlr,
    author = "Campbell, John M. and De Laurentis, Giuseppe and Ellis, R. Keith and Seth, Satyajit",
    title = "{The $pp \to  W(\to l \nu) + \gamma$ process at next-to-next-to-leading order}",
    eprint = "2105.00954",
    archivePrefix = "arXiv",
    primaryClass = "hep-ph",
    reportNumber = "FERMILAB-PUB-21-215-T, FR-PHENO-2020-020, IPPP/20/96",
    doi = "10.1007/JHEP07(2021)079",
    journal = "JHEP",
    volume = "07",
    pages = "079",
    year = "2021"
}

@article{Campbell:2020fhf,
    author = "Campbell, John and Neumann, Tobias and Sullivan, Zack",
    title = "{Single-top-quark production in the $t$-channel at NNLO}",
    eprint = "2012.01574",
    archivePrefix = "arXiv",
    primaryClass = "hep-ph",
    reportNumber = "FERMILAB-PUB-20-608-T, IIT-CAPP-20-05",
    doi = "10.1007/JHEP02(2021)040",
    journal = "JHEP",
    volume = "02",
    pages = "040",
    year = "2021"
}

@article{Budge:2020tis,
    author = "Budge, Lucy and Campbell, John M. and Ellis, R. Keith and Seth, Satyajit",
    title = "{Analytic results for scalar-mediated Higgs boson production in association with two jets}",
    eprint = "2009.07230",
    archivePrefix = "arXiv",
    primaryClass = "hep-ph",
    reportNumber = "FERMILAB-PUB-20-476-T, IPPP/20/40",
    doi = "10.1088/1361-6471/abf7d6",
    journal = "J. Phys. G",
    volume = "48",
    number = "8",
    pages = "085006",
    year = "2021"
}

@article{Budge:2020oyl,
    author = "Budge, Lucy and Campbell, John M. and De Laurentis, Giuseppe and Ellis, R. Keith and Seth, Satyajit",
    title = "{The one-loop amplitudes for Higgs + 4 partons with full mass effects}",
    eprint = "2002.04018",
    archivePrefix = "arXiv",
    primaryClass = "hep-ph",
    reportNumber = "FERMILAB-PUB-20-062-T, IPPP/20/3",
    doi = "10.1007/JHEP05(2020)079",
    journal = "JHEP",
    volume = "05",
    pages = "079",
    year = "2020"
}

@article{Campbell:2019dru,
    author = "Campbell, John and Neumann, Tobias",
    title = "{Precision Phenomenology with MCFM}",
    eprint = "1909.09117",
    archivePrefix = "arXiv",
    primaryClass = "hep-ph",
    reportNumber = "FERMILAB-PUB-19-477-T, IIT-CAPP-19-03",
    doi = "10.1007/JHEP12(2019)034",
    journal = "JHEP",
    volume = "12",
    pages = "034",
    year = "2019"
}

@article{Campbell:2019gmd,
    author = "Campbell, John M. and Ellis, R. Keith and Seth, Satyajit",
    title = "{H + 1 jet production revisited}",
    eprint = "1906.01020",
    archivePrefix = "arXiv",
    primaryClass = "hep-ph",
    reportNumber = "FERMILAB-PUB-19-189-T, IPPP/19/33",
    doi = "10.1007/JHEP10(2019)136",
    journal = "JHEP",
    volume = "10",
    pages = "136",
    year = "2019"
}

@article{Campbell:2018wfu,
    author = "Campbell, John M. and Rojo, Juan and Slade, Emma and Williams, Ciaran",
    title = "{Direct photon production and PDF fits reloaded}",
    eprint = "1802.03021",
    archivePrefix = "arXiv",
    primaryClass = "hep-ph",
    reportNumber = "FERMILAB-PUB-18-018-T, Nikhef/2017-068, OUTP-17-16P, NIKHEF-2017-068",
    doi = "10.1140/epjc/s10052-018-5944-4",
    journal = "Eur. Phys. J. C",
    volume = "78",
    number = "6",
    pages = "470",
    year = "2018"
}

@article{Campbell:2017hsw,
    author = "Campbell, John M. and Ellis, R. Keith and Mondini, Roberto and Williams, Ciaran",
    title = "{The NNLO QCD soft function for 1-jettiness}",
    eprint = "1711.09984",
    archivePrefix = "arXiv",
    primaryClass = "hep-ph",
    reportNumber = "IPPP-17-76, FERMILAB-PUB-17-493-T",
    doi = "10.1140/epjc/s10052-018-5732-1",
    journal = "Eur. Phys. J. C",
    volume = "78",
    number = "3",
    pages = "234",
    year = "2018"
}

@article{Campbell:2017aul,
    author = "Campbell, John M. and Neumann, Tobias and Williams, Ciaran",
    title = "{$Z\gamma$ Production at NNLO Including Anomalous Couplings}",
    eprint = "1708.02925",
    archivePrefix = "arXiv",
    primaryClass = "hep-ph",
    reportNumber = "FERMILAB-PUB-17-303-T",
    doi = "10.1007/JHEP11(2017)150",
    journal = "JHEP",
    volume = "11",
    pages = "150",
    year = "2017"
}

@article{Lindert:2017olm,
    author = "Lindert, J. M. and others",
    title = "{Precise predictions for $V+$ jets dark matter backgrounds}",
    eprint = "1705.04664",
    archivePrefix = "arXiv",
    primaryClass = "hep-ph",
    reportNumber = "CERN-TH-2017-102, CERN-LPCC-2017-02, IPPP-17-38, FERMILAB-PUB-17-152-T, ZU--TH-12-17",
    doi = "10.1140/epjc/s10052-017-5389-1",
    journal = "Eur. Phys. J. C",
    volume = "77",
    number = "12",
    pages = "829",
    year = "2017"
}

@article{Campbell:2017rke,
    author = "Campbell, John and Carena, Marcela and Harnik, Roni and Liu, Zhen",
    title = "{Interference in the $gg\rightarrow h \rightarrow \gamma\gamma$ On-Shell Rate and the Higgs Boson Total Width}",
    eprint = "1704.08259",
    archivePrefix = "arXiv",
    primaryClass = "hep-ph",
    reportNumber = "FERMILAB-PUB-17-131-T",
    doi = "10.1103/PhysRevLett.119.181801",
    journal = "Phys. Rev. Lett.",
    volume = "119",
    number = "18",
    pages = "181801",
    year = "2017",
    note = "[Addendum: Phys.Rev.Lett. 119, 199901 (2017)]"
}

@article{Campbell:2017dqk,
    author = "Campbell, John M. and Ellis, R. Keith and Williams, Ciaran",
    title = "{Driving missing data at the LHC: NNLO predictions for the ratio of $\gamma+j$ and $Z+j$}",
    eprint = "1703.10109",
    archivePrefix = "arXiv",
    primaryClass = "hep-ph",
    reportNumber = "PPP-17-25, IPPP-17-25, FERMILAB-PUB-17-085-T",
    doi = "10.1103/PhysRevD.96.014037",
    journal = "Phys. Rev. D",
    volume = "96",
    number = "1",
    pages = "014037",
    year = "2017"
}

@article{Campbell:2016lzl,
    author = "Campbell, John M. and Ellis, R. Keith and Williams, Ciaran",
    title = "{Direct Photon Production at Next-to\textendash{}Next-to-Leading Order}",
    eprint = "1612.04333",
    archivePrefix = "arXiv",
    primaryClass = "hep-ph",
    reportNumber = "IPPP-16-115, FERMILAB-PUB-16-585-T",
    doi = "10.1103/PhysRevLett.118.222001",
    journal = "Phys. Rev. Lett.",
    volume = "118",
    number = "22",
    pages = "222001",
    year = "2017",
    note = "[Erratum: Phys.Rev.Lett. 124, 259901 (2020)]"
}

@article{Campbell:2016tcu,
    author = "Campbell, John M. and Ellis, R. Keith",
    title = "{Top-quark loop corrections in Z+jet and Z + 2 jet production}",
    eprint = "1610.02189",
    archivePrefix = "arXiv",
    primaryClass = "hep-ph",
    reportNumber = "FERMILAB-PUB-16-429-T, IPPP-16-88",
    doi = "10.1007/JHEP01(2017)020",
    journal = "JHEP",
    volume = "01",
    pages = "020",
    year = "2017"
}

@article{Boughezal:2016wmq,
    author = "Boughezal, Radja and Campbell, John M. and Ellis, R. Keith and Focke, Christfried and Giele, Walter and Liu, Xiaohui and Petriello, Frank and Williams, Ciaran",
    title = "{Color singlet production at NNLO in MCFM}",
    eprint = "1605.08011",
    archivePrefix = "arXiv",
    primaryClass = "hep-ph",
    reportNumber = "FERMILAB-PUB-16-120-T, IPPP-16-32",
    doi = "10.1140/epjc/s10052-016-4558-y",
    journal = "Eur. Phys. J. C",
    volume = "77",
    number = "1",
    pages = "7",
    year = "2017"
}

@article{Campbell:2016ivq,
    author = "Campbell, John M. and Ellis, R. Keith and Czakon, Michal and Kirchner, Sebastian",
    title = "{Two loop correction to interference in $gg \to ZZ$}",
    eprint = "1605.01380",
    archivePrefix = "arXiv",
    primaryClass = "hep-ph",
    reportNumber = "FERMILAB-PUB-16-113-T, IPPP-16-28, TTK-16-12",
    doi = "10.1007/JHEP08(2016)011",
    journal = "JHEP",
    volume = "08",
    pages = "011",
    year = "2016"
}

@article{Campbell:2016yrh,
    author = "Campbell, John M. and Ellis, R. Keith and Li, Ye and Williams, Ciaran",
    title = "{Predictions for diphoton production at the LHC through NNLO in QCD}",
    eprint = "1603.02663",
    archivePrefix = "arXiv",
    primaryClass = "hep-ph",
    reportNumber = "IPPP-16-16, FERMILAB-PUB-16-074-T, IPPP/16/16, FERMILAB-PUB-16-074-T",
    doi = "10.1007/JHEP07(2016)148",
    journal = "JHEP",
    volume = "07",
    pages = "148",
    year = "2016"
}

@article{Campbell:2016jau,
    author = "Campbell, John M. and Ellis, R. Keith and Williams, Ciaran",
    title = "{Associated production of a Higgs boson at NNLO}",
    eprint = "1601.00658",
    archivePrefix = "arXiv",
    primaryClass = "hep-ph",
    reportNumber = "IPPP-15-78, FERMILAB-PUB-16-001-T",
    doi = "10.1007/JHEP06(2016)179",
    journal = "JHEP",
    volume = "06",
    pages = "179",
    year = "2016"
}

@article{Boughezal:2015ded,
    author = "Boughezal, Radja and Campbell, John M. and Ellis, R. Keith and Focke, Christfried and Giele, Walter T. and Liu, Xiaohui and Petriello, Frank",
    title = "{Z-boson production in association with a jet at next-to-next-to-leading order in perturbative QCD}",
    eprint = "1512.01291",
    archivePrefix = "arXiv",
    primaryClass = "hep-ph",
    reportNumber = "FERMILAB-PUB-15-519-T, IPPP-15-79",
    doi = "10.1103/PhysRevLett.116.152001",
    journal = "Phys. Rev. Lett.",
    volume = "116",
    number = "15",
    pages = "152001",
    year = "2016"
}

@article{Campbell:2015vua,
    author = "Campbell, John M. and Wackeroth, Doreen and Zhou, Jia",
    title = "{Electroweak Corrections at the LHC with MCFM}",
    eprint = "1508.06247",
    archivePrefix = "arXiv",
    primaryClass = "hep-ph",
    reportNumber = "FERMILAB-CONF-15-404-T",
    doi = "10.22323/1.247.0130",
    journal = "PoS",
    volume = "DIS2015",
    pages = "130",
    year = "2015"
}

@article{Campbell:2015hya,
    author = "Campbell, John M. and Miller, David J. and Robens, Tania",
    title = "{Next-to-Leading Order Predictions for WW+Jet Production}",
    eprint = "1506.04801",
    archivePrefix = "arXiv",
    primaryClass = "hep-ph",
    reportNumber = "FERMILAB-PUB-15-257-T",
    doi = "10.1103/PhysRevD.92.014033",
    journal = "Phys. Rev. D",
    volume = "92",
    number = "1",
    pages = "014033",
    year = "2015"
}

@article{Campbell:2015qma,
    author = "Campbell, John M. and Ellis, R. Keith and Giele, Walter T.",
    title = "{A Multi-Threaded Version of MCFM}",
    eprint = "1503.06182",
    archivePrefix = "arXiv",
    primaryClass = "physics.comp-ph",
    reportNumber = "FERMILAB-PUB-15-043-T",
    doi = "10.1140/epjc/s10052-015-3461-2",
    journal = "Eur. Phys. J. C",
    volume = "75",
    number = "6",
    pages = "246",
    year = "2015"
}

@article{Campbell:2014gua,
    author = {Campbell, John M. and Ellis, R. Keith and Furlan, Elisabetta and R{\"o}ntsch, Raoul},
    title = "{Interference effects for Higgs boson mediated $Z$-pair plus jet production}",
    eprint = "1409.1897",
    archivePrefix = "arXiv",
    primaryClass = "hep-ph",
    reportNumber = "FERMILAB-PUB-14-315-T",
    doi = "10.1103/PhysRevD.90.093008",
    journal = "Phys. Rev. D",
    volume = "90",
    number = "9",
    pages = "093008",
    year = "2014"
}

@article{Campbell:2014nqn,
    author = "Campbell, John M. and Ellis, R. Keith and Williams, Ciaran",
    editor = "Mende, Martina",
    title = "{Bounding the Higgs Width at the LHC}",
    eprint = "1408.1723",
    archivePrefix = "arXiv",
    primaryClass = "hep-ph",
    reportNumber = "FERMILAB-CONF-14-275-T",
    doi = "10.22323/1.211.0008",
    journal = "PoS",
    volume = "LL2014",
    pages = "008",
    year = "2014"
}

@article{Campbell:2014yka,
    author = "Campbell, John M. and Williams, Ciaran",
    title = "{Triphoton production at hadron colliders}",
    eprint = "1403.2641",
    archivePrefix = "arXiv",
    primaryClass = "hep-ph",
    reportNumber = "FERMILAB-PUB-14-033-T",
    doi = "10.1103/PhysRevD.89.113001",
    journal = "Phys. Rev. D",
    volume = "89",
    number = "11",
    pages = "113001",
    year = "2014"
}

@article{Campbell:2013wga,
    author = "Campbell, John M. and Ellis, R. Keith and Williams, Ciaran",
    title = "{Bounding the Higgs Width at the LHC: Complementary Results from $H \to WW$}",
    eprint = "1312.1628",
    archivePrefix = "arXiv",
    primaryClass = "hep-ph",
    reportNumber = "FERMILAB-PUB-13-553-T",
    doi = "10.1103/PhysRevD.89.053011",
    journal = "Phys. Rev. D",
    volume = "89",
    number = "5",
    pages = "053011",
    year = "2014"
}

@article{Campbell:2013yla,
    author = {Campbell, John and Ellis, R. Keith and R\"ontsch, Raoul},
    title = "{Single top production in association with a Z boson at the LHC}",
    eprint = "1302.3856",
    archivePrefix = "arXiv",
    primaryClass = "hep-ph",
    reportNumber = "FERMILAB-PUB-13-043-T",
    doi = "10.1103/PhysRevD.87.114006",
    journal = "Phys. Rev. D",
    volume = "87",
    pages = "114006",
    year = "2013"
}

@article{Campbell:2012ft,
    author = "Campbell, John M. and Hartanto, Heribertus B. and Williams, Ciaran",
    title = "{Next-to-leading order predictions for $Z \gamma$+jet and Z $\gamma \gamma$ final states at the LHC}",
    eprint = "1208.0566",
    archivePrefix = "arXiv",
    primaryClass = "hep-ph",
    reportNumber = "FERMILAB-PUB-12-408-T, FSU-HEP-120802",
    doi = "10.1007/JHEP11(2012)162",
    journal = "JHEP",
    volume = "11",
    pages = "162",
    year = "2012"
}

@article{Campbell:2012dh,
    author = "Campbell, John M. and Ellis, R. Keith",
    title = "{$t \bar{t} W^{+-}$ production and decay at NLO}",
    eprint = "1204.5678",
    archivePrefix = "arXiv",
    primaryClass = "hep-ph",
    reportNumber = "FERMILAB-PUB-12-109-T",
    doi = "10.1007/JHEP07(2012)052",
    journal = "JHEP",
    volume = "07",
    pages = "052",
    year = "2012"
}

@article{Campbell:2012am,
    author = "Campbell, John M. and Ellis, R. Keith and Frederix, Rikkert and Nason, Paolo and Oleari, Carlo and Williams, Ciaran",
    title = "{NLO Higgs Boson Production Plus One and Two Jets Using the POWHEG BOX, MadGraph4 and MCFM}",
    eprint = "1202.5475",
    archivePrefix = "arXiv",
    primaryClass = "hep-ph",
    reportNumber = "FERMILAB-PUB-12-040-T, CERN-PH-TH-2012-048",
    doi = "10.1007/JHEP07(2012)092",
    journal = "JHEP",
    volume = "07",
    pages = "092",
    year = "2012"
}

@article{Campbell:2011udy,
    author = "Campbell, J. M. and Caola, F. and Febres Cordero, F. and Reina, L. and Wackeroth, D.",
    title = "{NLO QCD predictions for $W+1$ jet and $W+2$ jet production with at least one $b$ jet at the 7 TeV LHC}",
    eprint = "1107.3714",
    archivePrefix = "arXiv",
    primaryClass = "hep-ph",
    reportNumber = "FERMILAB-PUB-11-325-T, NSF-KITP-11-134",
    doi = "10.1103/PhysRevD.86.034021",
    journal = "Phys. Rev. D",
    volume = "86",
    pages = "034021",
    year = "2012"
}

@article{Campbell:2011bn,
    author = "Campbell, John M. and Ellis, R. Keith and Williams, Ciaran",
    title = "{Vector boson pair production at the LHC}",
    eprint = "1105.0020",
    archivePrefix = "arXiv",
    primaryClass = "hep-ph",
    reportNumber = "FERMILAB-PUB-11-182-T",
    doi = "10.1007/JHEP07(2011)018",
    journal = "JHEP",
    volume = "07",
    pages = "018",
    year = "2011"
}

@article{Campbell:2010ff,
    author = "Campbell, John M. and Ellis, R. K.",
    editor = {Bl\"umlein, Johannes and Moch, Sven-Olaf and Riemann, Tord},
    title = "{MCFM for the Tevatron and the LHC}",
    eprint = "1007.3492",
    archivePrefix = "arXiv",
    primaryClass = "hep-ph",
    reportNumber = "FERMILAB-CONF-10-244-T",
    doi = "10.1016/j.nuclphysbps.2010.08.011",
    journal = "Nucl. Phys. B Proc. Suppl.",
    volume = "205-206",
    pages = "10--15",
    year = "2010"
}

@article{Campbell:2010cz,
    author = "Campbell, John M. and Ellis, R. Keith and Williams, Ciaran",
    title = "{Hadronic Production of a Higgs Boson and Two Jets at Next-to-Leading Order}",
    eprint = "1001.4495",
    archivePrefix = "arXiv",
    primaryClass = "hep-ph",
    reportNumber = "FERMILAB-PUB-10-013-T, IPPP-10-06",
    doi = "10.1103/PhysRevD.81.074023",
    journal = "Phys. Rev. D",
    volume = "81",
    pages = "074023",
    year = "2010"
}

@article{Badger:2009vh,
    author = "Badger, Simon and Campbell, John M. and Ellis, R. Keith and Williams, Ciaran",
    title = "{Analytic results for the one-loop NMHV Hqqgg amplitude}",
    eprint = "0910.4481",
    archivePrefix = "arXiv",
    primaryClass = "hep-ph",
    reportNumber = "DESY-09-180, FERMILAB-PUB-09-505-T, IPPP-09-86",
    doi = "10.1088/1126-6708/2009/12/035",
    journal = "JHEP",
    volume = "12",
    pages = "035",
    year = "2009"
}

@article{Campbell:2009gj,
    author = "Campbell, John M. and Frederix, Rikkert and Maltoni, Fabio and Tramontano, Francesco",
    title = "{NLO predictions for t-channel production of single top and fourth generation quarks at hadron colliders}",
    eprint = "0907.3933",
    archivePrefix = "arXiv",
    primaryClass = "hep-ph",
    reportNumber = "CERN-PH-TH-2009-129, CP3-09-31, DSF-11-09",
    doi = "10.1088/1126-6708/2009/10/042",
    journal = "JHEP",
    volume = "10",
    pages = "042",
    year = "2009"
}

@article{Campbell:2009ss,
    author = "Campbell, John M. and Frederix, Rikkert and Maltoni, Fabio and Tramontano, Francesco",
    title = "{Next-to-Leading-Order Predictions for t-Channel Single-Top Production at Hadron Colliders}",
    eprint = "0903.0005",
    archivePrefix = "arXiv",
    primaryClass = "hep-ph",
    doi = "10.1103/PhysRevLett.102.182003",
    journal = "Phys. Rev. Lett.",
    volume = "102",
    pages = "182003",
    year = "2009"
}

@article{Campbell:2007ev,
    author = "Campbell, John M. and Ellis, R. Keith and Zanderighi, Giulia",
    title = "{Next-to-leading order predictions for $WW+1$ jet distributions at the LHC}",
    eprint = "0710.1832",
    archivePrefix = "arXiv",
    primaryClass = "hep-ph",
    reportNumber = "CERN-PH-TH-07-181, FERMILAB-PUB-07-529-T, OUTP-07-11-P",
    doi = "10.1088/1126-6708/2007/12/056",
    journal = "JHEP",
    volume = "12",
    pages = "056",
    year = "2007"
}

@article{Campbell:2006cu,
    author = "Campbell, John M. and Ellis, R. Keith and Maltoni, F. and Willenbrock, S.",
    title = "{Production of a $W$ boson and two jets with one $b^-$ quark tag}",
    eprint = "hep-ph/0611348",
    archivePrefix = "arXiv",
    reportNumber = "FERMILAB-PUB-06-368-T, CP3-06-16, ILL-TH-06-07",
    doi = "10.1103/PhysRevD.75.054015",
    journal = "Phys. Rev. D",
    volume = "75",
    pages = "054015",
    year = "2007"
}

@article{Campbell:2006xx,
    author = "Campbell, John M. and Ellis, R. Keith and Zanderighi, Giulia",
    title = "{Next-to-Leading order Higgs + 2 jet production via gluon fusion}",
    eprint = "hep-ph/0608194",
    archivePrefix = "arXiv",
    reportNumber = "CERN-PH-TH-06-164, FERMILAB-PUB-06-274-T",
    doi = "10.1088/1126-6708/2006/10/028",
    journal = "JHEP",
    volume = "10",
    pages = "028",
    year = "2006"
}

@article{Campbell:2005zv,
    author = "Campbell, John M. and Ellis, R. Keith and Maltoni, F. and Willenbrock, S.",
    title = "{Production of a $Z$ boson and two jets with one heavy-quark tag}",
    eprint = "hep-ph/0510362",
    archivePrefix = "arXiv",
    reportNumber = "FERMILAB-PUB-05-487-T, ILL-TH-05-04",
    doi = "10.1103/PhysRevD.77.019903",
    journal = "Phys. Rev. D",
    volume = "73",
    pages = "054007",
    year = "2006",
    note = "[Erratum: Phys.Rev.D 77, 019903 (2008)]"
}

@article{Campbell:2004ch,
    author = "Campbell, John M. and Ellis, R. Keith and Tramontano, Francesco",
    title = "{Single top production and decay at next-to-leading order}",
    eprint = "hep-ph/0408158",
    archivePrefix = "arXiv",
    reportNumber = "ANL-HEP-PR-04-70, FERMILAB-PUB-04-134-T, DSF-22-2004",
    doi = "10.1103/PhysRevD.70.094012",
    journal = "Phys. Rev. D",
    volume = "70",
    pages = "094012",
    year = "2004"
}

@article{Campbell:2004gj,
    author = "Campbell, John M. and Huston, Joey",
    title = "{Heavy flavor in $W +$ jets production at the Fermilab Tevatron}",
    eprint = "hep-ph/0405276",
    archivePrefix = "arXiv",
    reportNumber = "ANL-HEP-PR-04-58, MSUHEP-040525",
    doi = "10.1103/PhysRevD.70.094021",
    journal = "Phys. Rev. D",
    volume = "70",
    pages = "094021",
    year = "2004"
}

@article{Berger:2004pca,
    author = "Berger, Edmond L. and Campbell, John M.",
    title = "{Higgs boson production in weak boson fusion at next-to-leading order}",
    eprint = "hep-ph/0403194",
    archivePrefix = "arXiv",
    reportNumber = "ANL-HEP-PR-04-4, NSF-KITP-04-13",
    doi = "10.1103/PhysRevD.70.073011",
    journal = "Phys. Rev. D",
    volume = "70",
    pages = "073011",
    year = "2004"
}

@article{Campbell:2003dd,
    author = "Campbell, John M. and Ellis, R. Keith and Maltoni, F. and Willenbrock, S.",
    title = "{Associated production of a $Z$ Boson and a single heavy quark jet}",
    eprint = "hep-ph/0312024",
    archivePrefix = "arXiv",
    reportNumber = "ANL-HEP-PR-03-104, FERMILAB-PUB-03-378-T, RM3-TH-03-17, ILL-TH-03-10, NSF-KITP-03-98",
    doi = "10.1103/PhysRevD.69.074021",
    journal = "Phys. Rev. D",
    volume = "69",
    pages = "074021",
    year = "2004"
}

@article{Campbell:2003hd,
    author = "Campbell, John M. and Ellis, R. Keith and Rainwater, David L.",
    title = "{Next-to-leading order QCD predictions for $W$ + 2 jet and $Z$ + 2 jet production at the CERN LHC}",
    eprint = "hep-ph/0308195",
    archivePrefix = "arXiv",
    reportNumber = "ANL-HEP-PR-03-063, FERMILAB-PUB-03-234-T, DESY-03-036",
    doi = "10.1103/PhysRevD.68.094021",
    journal = "Phys. Rev. D",
    volume = "68",
    pages = "094021",
    year = "2003"
}

@article{Campbell:2002zm,
    author = "Campbell, John M. and Ellis, R. Keith and Maltoni, F. and Willenbrock, S.",
    title = "{Higgs-Boson Production in Association with a Single Bottom Quark}",
    eprint = "hep-ph/0204093",
    archivePrefix = "arXiv",
    reportNumber = "ANL-HEP-PR-02-027, FERMILAB-PUB-02-062-T, ILL-TH-02-3",
    doi = "10.1103/PhysRevD.67.095002",
    journal = "Phys. Rev. D",
    volume = "67",
    pages = "095002",
    year = "2003"
}

@article{Campbell:2002tg,
    author = "Campbell, John M. and Ellis, R. Keith",
    title = "{Next-to-Leading Order Corrections to $W^+$ 2 jet and $Z^+$ 2 Jet Production at Hadron Colliders}",
    eprint = "hep-ph/0202176",
    archivePrefix = "arXiv",
    reportNumber = "ANL-HEP-PR-02-020, FERMILAB-PUB-02-032-T",
    doi = "10.1103/PhysRevD.65.113007",
    journal = "Phys. Rev. D",
    volume = "65",
    pages = "113007",
    year = "2002"
}

@inproceedings{Campbell:2001ik,
    author = "Campbell, John M.",
    title = "{$W/Z + B\bar{B}$ / Jets at NLO Using the Monte Carlo MCFM}",
    booktitle = "{36th Rencontres de Moriond on QCD and Hadronic Interactions}",
    eprint = "hep-ph/0105226",
    archivePrefix = "arXiv",
    reportNumber = "FERMILAB-CONF-01-072-T",
    pages = "35--38",
    year = "2001"
}

@article{Campbell:2000bg,
    author = "Campbell, John M. and Ellis, R. Keith",
    title = "{Radiative corrections to Z b anti-b production}",
    eprint = "hep-ph/0006304",
    archivePrefix = "arXiv",
    reportNumber = "FERMILAB-PUB-00-145-T",
    doi = "10.1103/PhysRevD.62.114012",
    journal = "Phys. Rev. D",
    volume = "62",
    pages = "114012",
    year = "2000"
}

@article{Campbell:1999ah,
    author = "Campbell, John M. and Ellis, R. Keith",
    title = "{An Update on vector boson pair production at hadron colliders}",
    eprint = "hep-ph/9905386",
    archivePrefix = "arXiv",
    reportNumber = "FERMILAB-PUB-99-146-T",
    doi = "10.1103/PhysRevD.60.113006",
    journal = "Phys. Rev. D",
    volume = "60",
    pages = "113006",
    year = "1999"
}

@article{Fox:2012ru,
    author = "Fox, Patrick J. and Williams, Ciaran",
    title = "{Next-to-Leading Order Predictions for Dark Matter Production at Hadron Colliders}",
    eprint = "1211.6390",
    archivePrefix = "arXiv",
    primaryClass = "hep-ph",
    reportNumber = "FERMILAB-PUB-12-612-T",
    doi = "10.1103/PhysRevD.87.054030",
    journal = "Phys. Rev. D",
    volume = "87",
    number = "5",
    pages = "054030",
    year = "2013"
}
